@BOOK{Sig_proc,
  AUTHOR =       {V. K. Madisetti and D. Williams},
  TITLE =        {The Digital Signal Processing Handbook },
  PUBLISHER =    {CRC Press},
  YEAR =         {1998},
}

@MISC{Fourier_trans,
  howpublished={\url{http://en.wikipedia.org/wiki/Fourier_transform}},
  note =    {A compact reminder for the main properties of the Fourier transform},
}

@BOOK{Fourier2D,
  AUTHOR =       {M. Seul and L. O'Gorman and M. J. Sammon},
  TITLE =        {Practical Algorithms for Image Analysis: Description, Examples, and Code},
  PUBLISHER =    {Cambridge University Press},
  YEAR =         {2000},
  NOTE = {Some extensive illustrations of the results of the 2D Fourier transform on some simple patterns}
}

@BOOK{Fourier2D2,
  AUTHOR =       {S. Smith},
  TITLE =        {Digital Signal Processing: A Practical Guide for Engineers and Scientists},
  PUBLISHER =    {Newnes},
  YEAR =         {2002},
  NOTE = {A comprehensive part about the FFT algorithm and how to implement the Discrete Fourier Transform. The author also explains how the low frequency part of the 2D Fourier transform are shifted in the middle of the matrix}
}

@ARTICLE{Kogelnik,
  AUTHOR =       {H. Kogelnik and T. Li},
  TITLE =        {Laser beams and resonators},
  JOURNAL =      {Appl. Opt.},
  YEAR =         {1966},
  volume =       {5},
  pages =       {1550--1567},
  note =         {A classic article at the foundation of many others, absolutely worth reading},
}

@BOOK{Cav_circ,
  AUTHOR =       {W. T. Silfvast},
  TITLE =        {Laser Fundamentals},
  PUBLISHER =    {Cambridge University Press},
  YEAR =         {2004},
  NOTE = {The section 11.2 of this book is a good reminder how to calculate the circulating field in an iterative way.}
}

@phdthesis{Bochner,
                author = "B. Bochner",
                title = "Modelling the Performance of Interferometric Gravitational-Wave Detectors with Realistically Imperfect Optics",
                school = "MIT",
                year = "1991",
             }

@INPROCEEDINGS{Tridgell,
  AUTHOR =       {A. Tridgell and D. E. McClelland and C. M. Savage},
  TITLE =        {Numerically modelling a dual recycling interferometric gravitational wave detector},
  BOOKTITLE =    {Gravitational Astronomy: Instrument Design and Astrophysical Prospects},
  YEAR =         {1991},
  series =       {World Scientific Publishing},
  address =      {Singapore},
}

@article{Saha:97,
   author = {P. Saha},
   journal = {J. Opt. Soc.Am. A},
   number = {9},
   pages = {2195--2202},
   title = {Fast estimation of transverse fields in high-finesse optical cavities},
   volume = {14},
   year = {1997},
}


@article{Gordon,
                author = "A. G. Fox and T. Li",
                title = "Computation of Optical Resonator Modes by the Method of Resonance Excitation",
                journal="{IEEE} j. quantum electron",
                volume="4",
                pages="460--465",
                year="1968",
        }


@MISC{Finesse,
  note =    {Webpage of the package Finesse},
  %howpublished={\url{http://www.rzg.mpg.de/~adf/}},
  howpublished={\url{http://www.gwoptics.org/finesse/}},
}

@BOOK{Koechner,
  AUTHOR =       {W. Koechner},
  TITLE =        {Solid-State Laser Engineering},
  series =       {Springer Series in Optical Sciences},
  PUBLISHER =    {Springer},
  YEAR =         {2006}
}

@BOOK{Siegman,
  AUTHOR =       {A. E. Siegman},
  TITLE =        {Lasers},
  PUBLISHER =    {University Science Books},
  YEAR =         {1986},
  NOTE = {THE laser Bible, does it still need an introduction ?},
}

@article{Pab,
   author = {P. Barriga and B. Bhawal and L. Ju and D. G. Blair},
   journal = {J. Opt. Soc.Am. A},
   pages = {1731-1741},
   title = {Numerical calculations of diffraction losses in advanced interferometric gravitational wave detectors},
   volume = {24},
   year = {2007},
}

@article{Hello321,
                author = "P. Hello and J. Y. Vinet",
                title = "Analytical models of thermal aberrations in massive mirrors heated by high power laser beams",
                journal = "J. Phys. (France)",
                year = "1990",
                volume = "51",
                pages = "1267--1282",
        }

@article{Flat,
                author = "M. Bondarescu1 and K. S. Thorne",
                title = "New family of light beams and mirror shapes for future {LIGO} interferometers",
                journal = "Phys. Rev. D",
                year = "2006",
                volume = "74",
                pages = "082003",
        }

@phdthesis{Juri,
                author = "J. Agresti",
                title = "Researches on Non-standard Optics for Advanced Gravitational Waves Interferometers.",
                school = "University of Pisa",
                year = "2007",
             }

@article{black:79,
                author = "E. D. Black",
                title = "An introduction to {P}ound--{D}rever--{H}all laser frequency stabilization",
                journal = "American Journal of Physics",
                year = "2001",
                volume = "69",
                pages = "79--87",
        }

@article{PDH,
                author = "R. W. P. Drever and J. L. Hall and F. V. Kowalski and J. Hough and G. M. Ford and A. J. Munley and H. Ward",
                title = "Laser phase and frequency stabilization using an optical resonator ",
                journal = "Applied Physics B: Lasers and Optics",
                year = "1983",
                volume = "31",
                pages = "97--105",
        }

@phdthesis{Gabriele,
                author = "G. Vajente",
                title = "Analysis of sensitivity and noise sources for the Virgo gravitational wave interferometer",
                school = "Scuola Normale Superiore di Pisa",
                year = "2008",
                note ="See appendix E",
             }

@UNPUBLISHED{Hiro1,
  AUTHOR =       {H. Yamamoto},
  TITLE =        {Acceleration of the {FFT} simulation of stable cavity},
  NOTE =         {LIGO-T0900640-v2},
  year =         {2010},
}

@UNPUBLISHED{DAY_AC,
  AUTHOR =       {R. Day},
  TITLE =        {A new {FFT} code: {FOG} {F}ast {F}ourier {T}ransform {O}ptical {S}imulation of {G}ravitational {W}ave {I}nterferometers},
  NOTE =         {LIGO G1200629-v1},
  year =         {2012},
}

@UNPUBLISHED{Virgo_PB,
  AUTHOR =       {J.Y. Vinet},
  TITLE =        {{The Virgo Physics Book, Vol. II}},
  NOTE =         {\url{https://wwwcascina.virgo.infn.it/vpb/}},
  year =         {2006},
}

@MISC{OS_down,
  note =    {GEO600 Simulation Group},
  howpublished={\url{http://www.sr.bham.ac.uk/dokuwiki/doku.php?id=geosim:oscar}},
}

@article{DI_paper,
                author = "F. Shen and A. Wang",
                title = "Fast-{F}ourier-transform based numerical integration method for the {R}ayleigh-{S}ommerfeld diffraction formula",
                journal = "Appl. Opt.",
                year = "2006",
                volume = "45",
                pages = "1102-1110",
        }

@UNPUBLISHED{Hiro_PSD,
  AUTHOR =       {H. Yamamoto},
  TITLE =        {{1D} {PSD} of mirror maps},
  NOTE =         {LIGO-T1100353-v1},
  year =         {2011},
}

@inproceedings{Nils_GPU,
author = {Nils Melchert and J{\'e}r{\^o}me Degallaix and Lennart Hinz and Eduard Reithmeier},
title = {{GPU implementation of FSR simulations: performance improvements and limitations}},
volume = {12225},
booktitle = {Optics and Photonics for Information Processing XVI},
organization = {International Society for Optics and Photonics},
publisher = {SPIE},
pages = {122250E},
year = {2022},
}
